@book{Lh2017,
  title = {Geometric Group Theory},
  ISBN = {9783319722542},
  ISSN = {2191-6675},
  url = {http://dx.doi.org/10.1007/978-3-319-72254-2},
  DOI = {10.1007/978-3-319-72254-2},
  journal = {Universitext},
  publisher = {Springer International Publishing},
  author = {L\"{o}h,  Clara},
  year = {2017}
}

@article{Collins1986,
  title = {A simple presentation of a group with unsolvable word problem},
  volume = {30},
  ISSN = {0019-2082},
  url = {http://dx.doi.org/10.1215/ijm/1256044631},
  DOI = {10.1215/ijm/1256044631},
  number = {2},
  journal = {Illinois Journal of Mathematics},
  publisher = {Duke University Press},
  author = {Collins,  Donald J.},
  year = {1986},
  month = jun 
}

@book{Rotman1995,
  title = {An Introduction to the Theory of Groups},
  ISBN = {9781461241768},
  ISSN = {2197-5612},
  url = {http://dx.doi.org/10.1007/978-1-4612-4176-8},
  DOI = {10.1007/978-1-4612-4176-8},
  journal = {Graduate Texts in Mathematics},
  publisher = {Springer New York},
  author = {Rotman,  Joseph J.},
  year = {1995}
}

@book{Bridson1999,
  title = {Metric Spaces of Non-Positive Curvature},
  ISBN = {9783662124949},
  ISSN = {0072-7830},
  url = {http://dx.doi.org/10.1007/978-3-662-12494-9},
  DOI = {10.1007/978-3-662-12494-9},
  journal = {Grundlehren der mathematischen Wissenschaften},
  publisher = {Springer Berlin Heidelberg},
  author = {Bridson,  Martin R. and Haefliger,  Andr√©},
  year = {1999}
}